@article{Lennard_Jones_1931,
	doi = {10.1088/0959-5309/43/5/301},
	url = {https://doi.org/10.1088%2F0959-5309%2F43%2F5%2F301},
	year = 1931,
	month = sep,
	publisher = {{IOP} Publishing},
	volume = {43},
	number = {5},
	pages = {461--482},
	author = {J E Lennard-Jones},
	title = {Cohesion},
	journal = {Proceedings of the Physical Society},
	abstract = {}
}